@online{cyberorto,
	author = "MindsHub Association",
	title = "Progetto CyberOrto",
	url  = "https://mindshub.it/progetto-cyberorto/",
	keywords = "editor,schematic"
}

@manual{ASTMB221
,	title	= "ASTM B-221-05 - Standard Specification for Aluminum and Aluminum-Alloy Extruded Bars, Rods, Wire, Profiles, and Tubes"
,	author	= "ASTM"
,	year	= "2005"
,	number	= "ASTM B-221-05"
,	publisher	= "ASTM"
}

@manual{parker-ds,
	organization  	= "Parker Hannifin Corporation",
	title 		= "T-Slot Aluminum Framing",
	author		= "Parker Industrial Profile Systems",	
	year 		= "2021",
	note		= "Rev. 5"
}

@manual{8020-ds,
	organization  	= "80/20 Inc.",
	title 		= "Custom Aluminum Framing Systems",		
	year 		= "2019",
	note		= "Catalog 23, Part No. L1019"
}

@manual{tslot-ds,
	organization  	= "Tslots by Bonnell Aluminum",
	title 		= "Complete Catalog",	
	year 		= "2021",
	note		= "V. 6"
}

@article{aluminium-endurance,
  title={Fatigue Behavior of an Ultrafine-Grained Al-Mg-Si Alloy Processed by High-Pressure Torsion},
  author="Maxim Murashkin and Ilchat Sabirov and Dmitriy Prosvirnin and Ilya Ovid'ko and Vladimir Terentiev and Ruslan Valiev and Sergey Dobatkin",
  journal="Metals - Open Access Metallurgy Journal",
  year={April 2015}
}
